@inproceedings{zhang2017mpu,
  author    = {X. Zhang and M. Liu and Y. Zhao},
  title     = {Design of angle detection system based on MPU6050},
  booktitle = {Proc. Int. Conf. Intelligent Transportation, Big Data \& Smart City},
  year      = {2017},
  pages     = {159--162},
  address   = {Changsha, China}
}

@article{kumar2012glove,
  author  = {P. Kumar and J. Verma and S. Prasad},
  title   = {Hand Data Glove: A Wearable Real-Time Device for Human-Computer Interaction},
  journal = {Int. J. Adv. Sci. Technol.},
  volume  = {43},
  pages   = {15--23},
  year    = {2012}
}

@article{khandual2019iot,
  author  = {A. Khandual and A. Biswal},
  title   = {IoT Based Smart Glove for Hand Gesture Recognition},
  journal = {Int. J. Sci. Res. Comput. Sci. Eng. Inf. Technol.},
  volume  = {5},
  number  = {2},
  pages   = {384--389},
  year    = {2019}
}

@article{baudel1993charade,
  author  = {T. Baudel and M. Beaudouin-Lafon},
  title   = {Charade: Remote Control of Objects Using Free-hand Gestures},
  journal = {Commun. ACM},
  volume  = {36},
  number  = {7},
  pages   = {28--35},
  year    = {1993}
}

@inproceedings{mistry2009sixthsense,
  author    = {P. Mistry and P. Maes},
  title     = {SixthSense: A Wearable Gestural Interface},
  booktitle = {Proc. ACM SIGGRAPH ASIA},
  year      = {2009}
}

@article{rautaray2012realtime,
  author  = {S. S. Rautaray and A. Agrawal},
  title   = {Real Time Hand Gesture Recognition System for Dynamic Applications},
  journal = {Int. J. UbiComp},
  volume  = {3},
  number  = {1},
  pages   = {21--29},
  year    = {2012}
}

@article{sturman1994glovesurvey,
  author  = {D. J. Sturman and D. Zeltzer},
  title   = {A Survey of Glove-Based Input},
  journal = {IEEE Comput. Graph. Appl.},
  volume  = {14},
  number  = {1},
  pages   = {30--39},
  year    = {1994}
}
